<record><leader>00000cas a22000007a 4500</leader><controlfield tag="001">16795195</controlfield><controlfield tag="008">871001d191u1912inuwr ne      0    0eng d</controlfield><datafield ind1=" " ind2=" " tag="010"><subfield code="a">sn 87055553 </subfield></datafield><datafield ind1=" " ind2=" " tag="040"><subfield code="a">NPI</subfield><subfield code="b">eng</subfield><subfield code="c">NPI</subfield><subfield code="d">GUA</subfield><subfield code="d">OCLCQ</subfield></datafield><datafield ind1=" " ind2=" " tag="042"><subfield code="a">msc</subfield></datafield><datafield ind1="0" ind2="0" tag="245"><subfield code="a">Brayfield's weekly citizen.</subfield></datafield><datafield ind1=" " ind2=" " tag="260"><subfield code="a">Charlestown, Ind. :</subfield><subfield code="b">The Brayfields</subfield></datafield><datafield ind1=" " ind2=" " tag="310"><subfield code="a">Weekly</subfield></datafield><datafield ind1=" " ind2=" " tag="588"><subfield code="a">Description based on: 16th year, no. 42 (July 19, 1911).</subfield></datafield><datafield ind1=" " ind2=" " tag="752"><subfield code="a">United States</subfield><subfield code="b">Indiana</subfield><subfield code="c">Clark</subfield><subfield code="d">Charlestown.</subfield></datafield><datafield ind1="0" ind2="0" tag="780"><subfield code="t">Clark County citizen (Charlestown, Ind.)</subfield><subfield code="w">(DLC)sn 85048108</subfield></datafield><datafield ind1="0" ind2="7" tag="785"><subfield code="t">Hoosier record</subfield><subfield code="w">(DLC)sn 85048109</subfield></datafield><datafield ind1="0" ind2="7" tag="785"><subfield code="t">Citizen-record</subfield><subfield code="w">(DLC)sn 84045442</subfield></datafield></record>